@misc{gowers,
        title={Group actions II: The orbit-stabilizer theorem},
        howpublished = "\url{https://gowers.wordpress.com/2011/11/09/group-actions-ii-the-orbit-stabilizer-theorem}",
        author={Gowers, Timothy}, year={2011}, month={Nov}}
    
@misc{weisstein, title={Cauchy-Frobenius Lemma},
     howpublished = "\url{https://mathworld.wolfram.com/Cauchy-FrobeniusLemma.html}", journal={MathWorld--A Wolfram Web Resource.}, author={Weisstein, Eric W}} 